@book{Cormen2012,
	author = {CORMEN, Thomas H. and Charles Leiserson and Ronald Rivest and Clifford Stein},
	title = {Algoritmos: teoria e prática},
  	year = {2012},
	publisher = {LTC},
  	isbn = {8535236996},
}

@book{Backes2012,
	author = {BACKES, André Ricardo},
	title = {Linguagem C completa e descomplicada},
	year = {2012},
	publisher = {Elsevier},
}

@book{Backes2016,
	author = {BACKES, André Ricardo},
	title = {Estrutura de dados descomplicada em linguagem C},
	year = {2016},
	publisher = {Elsevier},
}

@misc{GNU,
  author       = {GNU},
  howpublished = {\url{https://www.gnu.org/software/libc/manual/html_node/Calculating-Elapsed-Time.html}},
  title        = {Calculating Elapsed Time},
  year         = {1993-2023}
}